<?xml version="1.0" encoding="UTF-8"?><collection xmlns="http://www.loc.gov/MARC21/slim"><record><leader>00554nam--2200133-i-4500</leader><controlfield tag="001">000016942</controlfield><controlfield tag="002">20161230</controlfield><controlfield tag="005">20161230201032</controlfield><controlfield tag="008">060222s1000------------r-----000-0-eng-d</controlfield><datafield ind1=" " ind2=" " tag="080"><subfield code="a">669.018(043)</subfield></datafield><datafield ind1=" " ind2=" " tag="100"><subfield code="a">Buckstegge, Josef</subfield></datafield><datafield ind1=" " ind2=" " tag="245"><subfield code="a">Untersuchungen uber den einfluss geringer zusa tze von titan, zirkonium, hafnium oder yttrium auf das verzunderungsverhalten und die physika lischen eigenschaften ferritische stahle mit 1 5% cr und 2,5 bis 9% al.dissertation</subfield></datafield><datafield ind1=" " ind2=" " tag="260"><subfield code="a">Aachen, Rheinische-westfalischen Technischen, 1990. 85 P.+ Fig</subfield></datafield><datafield ind1=" " ind2=" " tag="852"><subfield code="a">79266</subfield></datafield></record></collection>